@manual{emacs-lisp-intro,
    author       = {Robert J. Chassell},
    title        = {An Introduction to Programming in Emacs Lisp},
    date         = {2009-10-28},
    edition      = {3.10},
    organization = {Free Software Foundation},
    publisher    = {GNU Press},
    location     = {51 Franklin Street, Fifth Floor; Boston, MA 02110-1301 USA},
    isbn         = {1-882114-43-4},
}

@manual{elisp,
    author       = {{Emacs Contributors}},
    title        = {GNU Emacs Lisp Reference Manual},
    year         = 2012,
    organization = {Free Software Foundation},
}

@online{wikipedia-lisp,
    author       = {Wikipedia},
    title        = {Lisp (programming language) --- Wikipedia, The Free Encyclopedia},
    year         = {2013},
    url          = {http://en.wikipedia.org/w/index.php?title=Lisp_(programming_language)&oldid=540157219},
    urldate      = {2013-03-01},
}

@online{umd-lisp-intro,
    author       = {Dana Nau},
    title        = {Introduction to Lisp},
    date         = {2010-02-16},
    url          = {http://www.cs.umd.edu/~nau/cmsc421/lisp-intro.pdf},
    urldate      = {2013-03-01},
}